% This file was created with JabRef 2.10.
% Encoding: UTF-8


@Article{JZO:JZO76,
  Title                    = {Costs and benefits of flocking in foraging white-fronted geese (Anser albifrons): effects of resource depletion},
  Author                   = {Amano, T. and Ushiyama, K. and Fujita, G. and Higuchi, H.},
  Journal                  = {Journal of Zoology},
  Year                     = {2006},
  Number                   = {1},
  Pages                    = {111--115},
  Volume                   = {269},

  Doi                      = {10.1111/j.1469-7998.2006.00076.x},
  ISSN                     = {1469-7998},
  Keywords                 = {Anser albifrons, competition, flock size, food abundance, vigilance},
  Publisher                = {Blackwell Publishing Ltd},
  Url                      = {http://dx.doi.org/10.1111/j.1469-7998.2006.00076.x}
}

@Article{Wildfowl271,
  Title                    = {Breeding success of White-fronted Geese from the Nenets National Area},
  Author                   = {Hugh Boyd},
  Journal                  = {Wildfowl},
  Year                     = {1965},
  Number                   = {16},
  Volume                   = {16}
}

@Article{BirdStudy1380,
  Title                    = {Circumpolar variation in morphological characteristics of Greater White-fronted Geese (Anser albifrons)},
  Author                   = { Craig R. Ely and Anthony D. Fox and Ray T. Alisauskas and Alexander Andreev and Robert G. Bromley and A.G. Degtyarev and Barwolt Ebbinge and E.N. Gurtovaya and Richard Kerbes and Alexander V. Kondratyev and Igor Kostin and Arseni V. Krechmar and Konstantin E. Litvin and Yoshihiko Miyabayashi and Johan H. Mooij and Russell M. Oates and Dennis L. Orthmeyer and Yutaka Sabano and S. Gay Simpson and Diana V. Solovieva and Michael A. Spindler and Ye. V. Syroechkovsky and John Y. Takekawa and Alyn Walsh },
  Journal                  = {Bird Study},
  Year                     = {2005},
  Number                   = {2},
  Pages                    = {104-119},
  Volume                   = {52}
}

@Article{OIK:OIK12114,
  Title                    = {Spring migration routes and timing of Greenland white-fronted geese-results from satellite telemetry},
  Author                   = {Fox,
 Anthony D
 .
 and Glahder,
 Christian M
 .
 and Walsh,
 Alyn J
 .
 },
  Journal                  = {Oikos},
  Year                     = {2003},
  Number                   = {2},
  Pages                    = {415--425},
  Volume                   = {103},

  Doi                      = {10.1034/j.1600-0706.2003.12114.x},
  ISSN                     = {1600-0706},
  Publisher                = {Munksgaard International Publishers},
  Url                      = {http://dx.doi.org/10.1034/j.1600-0706.2003.12114.x}
}

@Article{IBI:IBI151,
  Title                    = {Mutual benefits of associations between breeding and non-breeding White-fronted Geese (Anser albifrons)},
  Author                   = {FOX, A. D. and BOYD, H. and BROMLEY, R. G.},
  Journal                  = {Ibis},
  Year                     = {1995},
  Number                   = {2},
  Pages                    = {151--156},
  Volume                   = {137},

  Doi                      = {10.1111/j.1474-919X.1995.tb03233.x},
  ISSN                     = {1474-919X},
  Publisher                = {Blackwell Publishing Ltd},
  Url                      = {http://dx.doi.org/10.1111/j.1474-919X.1995.tb03233.x}
}

@Article{jonsson2008lesser,
  Title                    = {Lesser Snow Geese and Ross's Geese form mixed flocks during winter but differ in family maintenance and social status},
  Author                   = {J{\'o}nsson, J{\'o}n Einar and Afton, Alan D},
  Journal                  = {The Wilson Journal of Ornithology},
  Year                     = {2008},
  Number                   = {4},
  Pages                    = {725--731},
  Volume                   = {120},

  Publisher                = {BioOne}
}

@Article{johnson1988weak,
  Title                    = {Weak family associations in Cackling Geese during winter: effects of body size and food resources on goose social organization},
  Author                   = {Johnson, James C and Raveling, Dennis G},
  Journal                  = {Waterfowl in winter},
  Year                     = {1988},
  Pages                    = {71--89},

  Publisher                = {University of Minnesota Press, Minneapolis}
}

@Article{kondratyev2008greater,
  Title                    = {Greater White-fronted Geese (Anser albifrons) and Bean Geese (A. fabalis) on Kolguev Island--abundance, habitat distribution, and breeding biology},
  Author                   = {Kondratyev, Alexander and Zaynagutdinova, Elmira},
  Journal                  = {Vogelwelt},
  Year                     = {2008},
  Pages                    = {326--333},
  Volume                   = {129}
}

@Article{10.2307/4511184,
  Title                    = {Regrouping of Family Members of the White-Fronted Goose (Anser albifrons) after Individual Release},
  Author                   = {Miller, Harvey and Dzubin, Alex},
  Journal                  = {Bird-Banding},
  Year                     = {1965},
  Number                   = {3},
  Pages                    = {184-191},
  Volume                   = {36},

  ISSN                     = {00063630, 23271280},
  Publisher                = {[Wiley, Association of Field Ornithologists]},
  Url                      = {http://www.jstor.org/stable/4511184}
}

@Article{Wildfowl914,
  Title                    = {Duration of family bonds of Brent Geese (Branta bernicla) on the Pacific coast of North America},
  Author                   = {Austin Reed},
  Journal                  = {Wildfowl},
  Year                     = {1993},
  Number                   = {44},
  Volume                   = {44}
}

@Article{JANE:JANE2036,
  Title                    = {A Palaearctic migratory raptor species tracks shifting prey availability within its wintering range in the Sahel},
  Author                   = {Trierweiler, Christiane and Mulli, Wim C. and Drent, Rudi H. and Exo, Klaus-Michael and Komdeur, Jan and Bairlein, Franz and Harouna, Abdoulaye and de Bakker, Marinus and Koks, Ben J.},
  Journal                  = {Journal of Animal Ecology},
  Year                     = {2013},
  Number                   = {1},
  Pages                    = {107--120},
  Volume                   = {82},

  Doi                      = {10.1111/j.1365-2656.2012.02036.x},
  ISSN                     = {1365-2656},
  Keywords                 = {acridivorous birds, annual cycle, kernel home range, Ornithacris cavroisi, satellite telemetry},
  Url                      = {http://dx.doi.org/10.1111/j.1365-2656.2012.02036.x}
}

@Article{10.2307/4088245,
  Title                    = {Extended Parent-Offspring Relationships in Greenland White-Fronted Geese (Anser albifrons flavirostris)},
  Author                   = { Warren, Stephanie M. and Fox, A. D. and Walsh, Alyn and O'Sullivan, Paddy },
  Journal                  = {The Auk},
  Year                     = {1993},
  Number                   = {1},
  Pages                    = {145-148},
  Volume                   = {110},

  ISSN                     = {00048038, 19384254},
  Publisher                = {American Ornithologists' Union},
  Url                      = {http://www.jstor.org/stable/4088245}
}

@Article{OIK:OIK20083,
  Title                    = {Individually tracked geese follow peaks of temperature acceleration during spring migration},
  Author                   = {van Wijk, Rien E. and KÃ¶lzsch, Andrea and Kruckenberg, Helmut and Ebbinge, Barwolt S. and Mskens, Gerhard J. D. M. and Nolet, Bart A.},
  Journal                  = {Oikos},
  Year                     = {2012},
  Number                   = {5},
  Pages                    = {655--664},
  Volume                   = {121},

  Doi                      = {10.1111/j.1600-0706.2011.20083.x},
  ISSN                     = {1600-0706},
  Publisher                = {Blackwell Publishing Ltd},
  Url                      = {http://dx.doi.org/10.1111/j.1600-0706.2011.20083.x}
}

@Article{wilson1991winter,
  Title                    = {Winter site fidelity in Greenland White-fronted Geese (Anser albifrons flavirostris), implications for conservation and management},
  Author                   = {Wilson, HJ and Norriss, DW and Walsh, A and Fox, AD and Stroud, DA},
  Journal                  = {Ardea},
  Year                     = {1991},
  Pages                    = {287--294},
  Volume                   = {79}
}

@article{black1992foraging,
  title={Foraging dynamics in goose flocks: the cost of living on the edge},
  author={Black, Jeffrey M and Carbone, Christopher and Wells, RL and Owen, Myrfyn},
  journal={Animal Behaviour},
  volume={44},
  number={1},
  pages={41--50},
  year={1992},
  publisher={Elsevier}
}

@article{elder1949role,
  title={Role of the family in the formation of goose flocks},
  author={Elder, William H and Elder, Nina L},
  journal={Wilson Bull},
  volume={61},
  number={3},
  pages={133--140},
  year={1949}
}

@article{kotrschal1993food,
  title={Food exploitation by a winter flock of greylag geese: behavioral dynamics, competition and social status},
  author={Kotrschal, Kurt and Hemetsberger, Josef and Dittami, John},
  journal={Behavioral Ecology and Sociobiology},
  volume={33},
  number={5},
  pages={289--295},
  year={1993},
  publisher={Springer}
}

@article{black1989parent,
  title={Parent-offspring relationships in wintering barnacle geese},
  author={Black, Jeffrey M and Owen, Myrfyn},
  journal={Animal behaviour},
  volume={37},
  pages={187--198},
  year={1989},
  publisher={Elsevier}
}
@article{gregoire1990agonistic,
  title={Agonistic behavior and dominance relationships among lesser snow geese during winter and spring migration},
  author={Gregoire, Paul E and Ankney, C Davison},
  journal={The Auk},
  pages={550--560},
  year={1990},
  publisher={JSTOR}
}
@article{krause1993effect,
  title={The effect of'Schreckstoff'on the shoaling behaviour of the minnow: a test of Hamilton's selfish herd theory},
  author={Krause, Jens},
  journal={Animal Behaviour},
  volume={45},
  number={5},
  pages={1019--1024},
  year={1993},
  publisher={Elsevier}
}



@article {ETH:ETH1196,
author = {Amano, Tatsuya and Ushiyama, Katsumi and Fujita, Go and Higuchi, Hiroyoshi},
title = {Foraging Patch Selection and Departure by Non-Omniscient Foragers: A Field Example in White-Fronted Geese},
journal = {Ethology},
volume = {112},
number = {6},
publisher = {Blackwell Publishing Ltd},
issn = {1439-0310},
url = {http://dx.doi.org/10.1111/j.1439-0310.2006.01196.x},
doi = {10.1111/j.1439-0310.2006.01196.x},
pages = {544--553},
year = {2006},
}
@article{couzin2005effective,
  title={Effective leadership and decision-making in animal groups on the move},
  author={Couzin, Iain D and Krause, Jens and Franks, Nigel R and Levin, Simon A},
  journal={Nature},
  volume={433},
  number={7025},
  pages={513--516},
  year={2005},
  publisher={Nature Publishing Group}
}
