@article {JANE:JANE2036,
author = {Trierweiler, Christiane and Mulli, Wim C. and Drent, Rudi H. and Exo, Klaus-Michael and Komdeur, Jan and Bairlein, Franz and Harouna, Abdoulaye and de Bakker, Marinus and Koks, Ben J.},
title = {A Palaearctic migratory raptor species tracks shifting prey availability within its wintering range in the Sahel},
journal = {Journal of Animal Ecology},
volume = {82},
number = {1},
issn = {1365-2656},
url = {http://dx.doi.org/10.1111/j.1365-2656.2012.02036.x},
doi = {10.1111/j.1365-2656.2012.02036.x},
pages = {107--120},
keywords = {acridivorous birds, annual cycle, kernel home range, Ornithacris cavroisi, satellite telemetry},
year = {2013},
}

@article{johnson1988weak,
  title={Weak family associations in Cackling Geese during winter: effects of body size and food resources on goose social organization},
  author={Johnson, James C and Raveling, Dennis G},
  journal={Waterfowl in winter},
  pages={71--89},
  year={1988},
  publisher={University of Minnesota Press, Minneapolis}
}

@article{Wildfowl914,
	author = {Austin Reed},
	title = {Duration of family bonds of Brent Geese (Branta bernicla) on the Pacific coast of North America},
	journal = {Wildfowl},
	volume = {44},
	number = {44},
	year = {1993},
}

@article{BirdStudy1380,
author = { Craig R.   Ely  and  Anthony D.   Fox  and  Ray T.   Alisauskas  and  Alexander   Andreev  and  Robert G.   Bromley  and  A.G.   Degtyarev  and  Barwolt   Ebbinge  and  E.N.   Gurtovaya  and  Richard   Kerbes  and  Alexander V.   Kondratyev  and  Igor   Kostin  and  Arseni V.   Krechmar  and  Konstantin E.   Litvin  and  Yoshihiko   Miyabayashi  and  Johan H.   Mooij  and  Russell M.   Oates  and  Dennis L.   Orthmeyer  and  Yutaka   Sabano  and  S. Gay   Simpson  and  Diana V.   Solovieva  and  Michael A.   Spindler  and  Ye. V.   Syroechkovsky  and  John Y.   Takekawa  and  Alyn   Walsh },
title = {Circumpolar variation in morphological characteristics of Greater White-fronted Geese (Anser albifrons)},
journal = {Bird Study},
volume = {52},
number = {2},
pages = {104-119},
year = {2005},

}
@article{Wildfowl271,
	author = {Hugh Boyd},
	title = {Breeding success of White-fronted Geese from the Nenets National Area},
	journal = {Wildfowl},
	volume = {16},
	number = {16},
	year = {1965},
	keywords = {},
}

@article{kondratyev2008greater,
  title={Greater White-fronted Geese (Anser albifrons) and Bean Geese (A. fabalis) on Kolguev Island--abundance, habitat distribution, and breeding biology},
  author={Kondratyev, Alexander and Zaynagutdinova, Elmira},
  journal={Vogelwelt},
  volume={129},
  pages={326--333},
  year={2008}
}
@article{jonsson2008lesser,
  title={Lesser Snow Geese and Ross's Geese form mixed flocks during winter but differ in family maintenance and social status},
  author={J{\'o}nsson, J{\'o}n Einar and Afton, Alan D},
  journal={The Wilson Journal of Ornithology},
  volume={120},
  number={4},
  pages={725--731},
  year={2008},
  publisher={BioOne}
}
@article{10.2307/4511184,
 ISSN = {00063630, 23271280},
 URL = {http://www.jstor.org/stable/4511184},
 author = {Miller, Harvey and Dzubin, Alex},
 journal = {Bird-Banding},
 number = {3},
 pages = {184-191},
 publisher = {[Wiley, Association of Field Ornithologists]},
 title = {Regrouping of Family Members of the White-Fronted Goose (Anser albifrons) after Individual Release},
 volume = {36},
 year = {1965}
}
@article {OIK:OIK12114,
author = {Fox, 
            Anthony D
            .
           and Glahder, 
            Christian M
            .
           and Walsh, 
            Alyn J
            .
          },
title = {Spring migration routes and timing of Greenland white-fronted geese-results from satellite telemetry},
journal = {Oikos},
volume = {103},
number = {2},
publisher = {Munksgaard International Publishers},
issn = {1600-0706},
url = {http://dx.doi.org/10.1034/j.1600-0706.2003.12114.x},
doi = {10.1034/j.1600-0706.2003.12114.x},
pages = {415--425},
year = {2003},
}
@article {IBI:IBI151,
author = {FOX, A. D. and BOYD, H. and BROMLEY, R. G.},
title = {Mutual benefits of associations between breeding and non-breeding White-fronted Geese (Anser albifrons)},
journal = {Ibis},
volume = {137},
number = {2},
publisher = {Blackwell Publishing Ltd},
issn = {1474-919X},
url = {http://dx.doi.org/10.1111/j.1474-919X.1995.tb03233.x},
doi = {10.1111/j.1474-919X.1995.tb03233.x},
pages = {151--156},
year = {1995},
}
@article{wilson1991winter,
  title={Winter site fidelity in Greenland White-fronted Geese (Anser albifrons flavirostris), implications for conservation and management},
  author={Wilson, HJ and Norriss, DW and Walsh, A and Fox, AD and Stroud, DA},
  journal={Ardea},
  volume={79},
  pages={287--294},
  year={1991}
}
@article{10.2307/4088245,
 ISSN = {00048038, 19384254},
 URL = {http://www.jstor.org/stable/4088245},
 author = { Warren, Stephanie M. and Fox, A. D. and Walsh, Alyn and O'Sullivan, Paddy },
 journal = {The Auk},
 number = {1},
 pages = {145-148},
 publisher = {American Ornithologists' Union},
 title = {Extended Parent-Offspring Relationships in Greenland White-Fronted Geese (Anser albifrons flavirostris)},
 volume = {110},
 year = {1993}
}

@article {OIK:OIK20083,
author = {van Wijk, Rien E. and Klzsch, Andrea and Kruckenberg, Helmut and Ebbinge, Barwolt S. and Mskens, Gerhard J. D. M. and Nolet, Bart A.},
title = {Individually tracked geese follow peaks of temperature acceleration during spring migration},
journal = {Oikos},
volume = {121},
number = {5},
publisher = {Blackwell Publishing Ltd},
issn = {1600-0706},
url = {http://dx.doi.org/10.1111/j.1600-0706.2011.20083.x},
doi = {10.1111/j.1600-0706.2011.20083.x},
pages = {655--664},
year = {2012},
}
