@incollection{gauthreaux1982ecology,
  title={The ecology and evolution of avian migration systems},
  author={Gauthreaux, Sidney A},
  booktitle={Avian biology, volume VI},
  pages={93--168},
  year={1982},
  publisher={Elsevier}
}
