@article{kondratyev2008greater,
  title={Greater White-fronted Geese Anser albifrons and Bean Geese A. fabalis on Kolguev Island--abundance, habitat distribution, and breeding biology},
  author={Kondratyev, Alexander and Zaynagutdinova, Elmira},
  journal={Vogelwelt},
  volume={129},
  pages={326--333},
  year={2008}
}
